% -----------------------------------------------------------------------
% File: CogSci_Template.bib
% -----------------------------------------------------------------------

% Modified : Eli M. Silk (esilk at pitt.edu)            05/24/2005
% Modified : David Noelle (dnoelle at ucmerced.edu)     11/19/2014

@article{yeung2012metacognition,
  title={Metacognition in human decision-making: confidence and error monitoring},
  author={Yeung, Nick and Summerfield, Christopher},
  journal={Phil. Trans. R. Soc. B},
  volume={367},
  number={1594},
  pages={1310--1321},
  year={2012},
  publisher={The Royal Society}
}

@article{koenig2004incremental,
  title={Incremental heuristic search in AI},
  author={Koenig, Sven and Likhachev, Maxim and Liu, Yaxin and Furcy, David},
  journal={AI Magazine},
  volume={25},
  number={2},
  pages={99},
  year={2004}
}

@inproceedings{van2016people,
  title={Do People Think Like Computers?},
  author={van Opheusden, Bas and Bnaya, Zahy and Galbiati, Gianni and Ma, Wei Ji},
  booktitle={International Conference on Computers and Games},
  pages={212--224},
  year={2016},
  organization={Springer}
}

@article{russell1995modern,
  title={A modern approach},
  author={Russell, Stuart and Norvig, Peter},
  journal={Artificial Intelligence. Prentice-Hall, Egnlewood Cliffs},
  volume={25},
  pages={27},
  year={1995},
  publisher={Citeseer}
}

@article{flake2002rush,
  title={Rush Hour is PSPACE-complete, or “Why you should generously tip parking lot attendants”},
  author={Flake, Gary William and Baum, Eric B},
  journal={Theoretical Computer Science},
  volume={270},
  number={1},
  pages={895--911},
  year={2002},
  publisher={Elsevier}
}

@article{macgregor1996human,
  title={Human performance on the traveling salesman problem},
  author={MacGregor, James N and Ormerod, Tom},
  journal={Attention, Perception, \& Psychophysics},
  volume={58},
  number={4},
  pages={527--539},
  year={1996},
  publisher={Springer}
}
@article{pizlo2005solving,
  title={Solving combinatorial problems: The 15-puzzle},
  author={Pizlo, Zygmunt and Li, Zheng},
  journal={Memory \& Cognition},
  volume={33},
  number={6},
  pages={1069--1084},
  year={2005},
  publisher={Springer}
}

@inproceedings{acuna2008bayesian,
  title={Bayesian modeling of human sequential decision-making on the multi-armed bandit problem},
  author={Acuna, Daniel and Schrater, Paul},
  booktitle={Proceedings of the 30th Annual Conference of the Cognitive Science Society},
  volume={100},
  pages={200--300},
  year={2008},
  organization={Washington, DC: Cognitive Science Society}
}

@article{korf1985depth,
  title={Depth-first iterative-deepening: An optimal admissible tree search},
  author={Korf, Richard E},
  journal={Artificial intelligence},
  volume={27},
  number={1},
  pages={97-109},
  year={1985},
  publisher={Elsevier}
}

@article{korf1990real,
  title={Real-time heuristic search},
  author={Korf, Richard E},
  journal={Artificial intelligence},
  volume={42},
  number={2-3},
  pages={189--211},
  year={1990},
  publisher={Elsevier}
}

@inproceedings{holte2005hierarchical,
  title={Hierarchical heuristic search revisited},
  author={Holte, Robert C and Grajkowski, Jeffery and Tanner, Brian},
  booktitle={International Symposium on Abstraction, Reformulation, and Approximation},
  pages={121-133},
  year={2005},
  organization={Springer}
}

@article{koenig2001agent,
  title={Agent-centered search},
  author={Koenig, Sven},
  journal={AI Magazine},
  volume={22},
  number={4},
  pages={109},
  year={2001}
}
@article{hart1968formal,
  title={A formal basis for the heuristic determination of minimum cost paths},
  author={Hart, Peter E and Nilsson, Nils J and Raphael, Bertram},
  journal={IEEE transactions on Systems Science and Cybernetics},
  volume={4},
  number={2},
  pages={100--107},
  year={1968},
  publisher={IEEE}
}

% -----------------------------------------------------------------------
% Document End
% -----------------------------------------------------------------------
